@article{wang2021shape,
  title = {Shape-Restricted Regression Splines with R Package splines2},
  author = {Wang, Wenjie and Yan, Jun},
  journal = {Journal of Data Science},
  volume = {19},
  number = {3},
  pages = {498--517},
  year = {2021},
  doi = {10.6339/21-JDS1020},
}

@article{horowitz2018bootstrap,
  title = {A {BOOTSTRAP} METHOD FOR CONSTRUCTING POINTWISE AND UNIFORM CONFIDENCE BANDS FOR CONDITIONAL QUANTILE FUNCTIONS},
  author = {Horowitz and Krishnamurthy, A.},
  journal = {Statistica Sinica},
  volume = {28},
  number = {4},
  pages = {2609--2632},
  year = {2018},
  doi = {10.5705/ss.202017.0013},
}

@article{guntuboyina2018nonparametric,
  title = {Nonparametric Shape-Restricted Regression},
  author = {Guntuboyina and Sen, B.},
  journal = {Statistical Science},
  volume = {33},
  number = {4},
  pages = {568--594},
  year = {2018},
  doi = {10.1214/18-STS665},
}

@article{hall2013simple,
  title = {A Simple Bootstrap Method for Constructing Nonparametric Confidence Bands for Functions},
  author = {Hall, Peter and Horowitz, Joel},
  journal = {The Annals of Statistics},
  volume = {41},
  number = {4},
  pages = {1892--1921},
  year = {2013},
  doi = {10.1214/13-AOS1137},
}

@article{jieying2022heteroscedastic,
  title = {Heteroscedastic Growth Curve Modeling with Shape-Restricted Splines},
  author = {Jieying Jiao, Wenling Song, Yishu Xue, and Jun Yan},
  journal = {The New England Journal of Statistics and Data Science},
  volume = {0},
  number = {4},
  pages = {1-15},
  year = {2022},
  doi = {https://doi.org/0000},
}

@article{morris2019using,
  title = {Using Simulation Studies to Evaluate Statistical Methods},
  author = {Morris and White, I. R. and Crowther, M. J.},
  journal = {Statistics in Medicine},
  volume = {38},
  number = {11},
  pages = {2074--2102},
  year = {2019},
  doi = {10.1002/sim.8086},
}

